@misc{dataset,
  author       = {United Nations},
  title        = {Global Commodity Trade Statistics},
  year         = {n.d.},
  url          = {https://www.kaggle.com/datasets/unitednations/global-commodity-trade-statistics},
  note         = {Accessed: 2024-11-03}
}

@misc{chord,
  title        = {Chord Diagram},
  author       = {Python Graph Gallery},
  year         = {n.d.},
  url          = {https://python-graph-gallery.com/chord-diagram/},
  note         = {Accessed: 2024-11-03}
}


